<record><leader>00000cas a22000007a 4500</leader><controlfield tag="001">13210424</controlfield><controlfield tag="008">860228d18781936njuwr ne      0    0eng d</controlfield><datafield ind1=" " ind2=" " tag="010"><subfield code="a">sn 85035911 </subfield></datafield><datafield ind1=" " ind2=" " tag="040"><subfield code="a">NPA</subfield><subfield code="b">eng</subfield><subfield code="c">NPA</subfield><subfield code="d">NJW</subfield><subfield code="d">OCLCQ</subfield></datafield><datafield ind1=" " ind2=" " tag="042"><subfield code="a">msc</subfield></datafield><datafield ind1="0" ind2="4" tag="245"><subfield code="a">The Hackensack Republican.</subfield></datafield><datafield ind1=" " ind2=" " tag="260"><subfield code="a">Hackensack, N.J. :</subfield><subfield code="b">Thos. B. Chrystal, Wm. H. Bleecker,</subfield><subfield code="c">1878-</subfield></datafield><datafield ind1=" " ind2=" " tag="300"><subfield code="a">v. :</subfield><subfield code="b">ill. (chiefly advertisements) ;</subfield><subfield code="c">66 cm.</subfield></datafield><datafield ind1=" " ind2=" " tag="310"><subfield code="a">Weekly</subfield></datafield><datafield ind1="0" ind2=" " tag="362"><subfield code="a">Vol. 9, no. 1 (Sept. 12, 1878)-</subfield></datafield><datafield ind1="1" ind2=" " tag="362"><subfield code="a">Ceased with Feb. 14, 1936 issue.</subfield></datafield><datafield ind1=" " ind2=" " tag="525"><subfield code="a">Supplements accompany some issues.</subfield></datafield><datafield ind1=" " ind2=" " tag="752"><subfield code="a">United States</subfield><subfield code="b">New Jersey</subfield><subfield code="c">Bergen</subfield><subfield code="d">Hackensack.</subfield></datafield><datafield ind1="0" ind2="0" tag="780"><subfield code="t">New Jersey Republican (Hackensack, N.J.)</subfield><subfield code="w">(DLC)sn 86077256</subfield><subfield code="w">(OCoLC)14289058</subfield></datafield><datafield ind1="0" ind2="0" tag="785"><subfield code="t">Hackensack Republican, the Bergen County observer</subfield></datafield></record>